@online{geeksMemoryAllocation,
    author = "Nishant Chauhan 3",
    title = "What is Dynamic Memory Allocation",
    url = "https://www.geeksforgeeks.org/what-is-dynamic-memory-allocation/",
    addendum = "(Acessado em: 12/09/2022)"
}

@online{pointerMedium,
    author = "Srijan",
    title = "Pointers in C Explained â€“ They're Not as Difficult as You Think",
    url = "https://www.freecodecamp.org/news/pointers-in-c-are-not-as-difficult-as-you-think/",
    addendum = "(Acessado em: 13/09/2022)"
}

@online{cDataType,
    author = "GeeksforGeeks",
    title = "Data Types in C",
    url = "https://www.geeksforgeeks.org/data-types-in-c/",
    addendum = "(Acessado em: 13/09/2022)"
}

@online{staticAndDynamicAllocation,
    author = "GeeksforGeeks",
    title = "Static and Dynamic Memory Allocation in C",
    url = "https://www.geeksforgeeks.org/static-and-dynamic-memory-allocation-in-c/",
    addendum = "(Acessado em: 13/09/2022)"
}

@online{memoryAllocation,
    author = "Abhilasha Chougule",
    title = "Memory Allocation in C",
    url = "https://www.educba.com/memory-allocation-in-c/",
    addendum = "(Acessado em: 13/09/2022)"
}